<?xml version="1.0" encoding="UTF-8"?>
<record>
  <leader>01403nam a2200361 c 4500</leader>
  <controlfield tag="005">20230629121516.0</controlfield>
  <controlfield tag="007">tu</controlfield>
  <controlfield tag="008">230515s2022    gw      r     000 0 ger c</controlfield>
  <controlfield tag="003">DE-605</controlfield>
  <controlfield tag="001">99372467776406441</controlfield>
  <datafield tag="035" ind1=" " ind2=" ">
    <subfield code="a">(DE-605)HT030014241</subfield>
  </datafield>
  <datafield tag="040" ind1=" " ind2=" ">
    <subfield code="a">DE-Hag4</subfield>
    <subfield code="c">DE-Hag4</subfield>
    <subfield code="d">DE-Hag4</subfield>
    <subfield code="e">rda</subfield>
  </datafield>
  <datafield tag="041" ind1=" " ind2=" ">
    <subfield code="a">ger</subfield>
  </datafield>
  <datafield tag="044" ind1=" " ind2=" ">
    <subfield code="c">XA-DE</subfield>
  </datafield>
  <datafield tag="100" ind1="1" ind2=" ">
    <subfield code="a">Lehnert, Susanne</subfield>
    <subfield code="4">aut</subfield>
  </datafield>
  <datafield tag="245" ind1="1" ind2="0">
    <subfield code="a">Vocabular</subfield>
    <subfield code="b">Tiere, Pflanzen, Natur ; Wortschatz-Bilder</subfield>
    <subfield code="c">Susanne Lehnert ; Birgit Busche-Brandt</subfield>
  </datafield>
  <datafield tag="246" ind1="3" ind2=" ">
    <subfield code="a">Vocabular</subfield>
    <subfield code="b">Animaux, plantes, nature ; Vocabulaire en images</subfield>
  </datafield>
  <datafield tag="246" ind1="3" ind2=" ">
    <subfield code="a">Vocabular</subfield>
    <subfield code="b">Animali, piante, natura ; Immagini del vocabolario</subfield>
  </datafield>
  <datafield tag="246" ind1="3" ind2=" ">
    <subfield code="a">Vocabular</subfield>
    <subfield code="b">Animales, plantas, naturaleza ; Imágenes del vocabulario</subfield>
  </datafield>
  <datafield tag="246" ind1="3" ind2=" ">
    <subfield code="a">Vocabular</subfield>
    <subfield code="b">Animals, Plants, Nature ; Vocabulary Pictures</subfield>
  </datafield>
  <datafield tag="246" ind1="3" ind2=" ">
    <subfield code="a">Vocabular</subfield>
    <subfield code="b">Dieren, planten, natuur ; Woordenschatplaatjes</subfield>
  </datafield>
  <datafield tag="250" ind1=" " ind2=" ">
    <subfield code="a">5. Auflage 2022</subfield>
  </datafield>
  <datafield tag="264" ind1=" " ind2="1">
    <subfield code="a">Schaffhausen</subfield>
    <subfield code="b">SCHUBI Lernmedien AG</subfield>
    <subfield code="c">2022</subfield>
  </datafield>
  <datafield tag="264" ind1=" " ind2="1">
    <subfield code="c">© 2010</subfield>
  </datafield>
  <datafield tag="300" ind1=" " ind2=" ">
    <subfield code="a">1 Anleitung (39 Seiten) und 84 farbige Bildkarten in Karton</subfield>
    <subfield code="b">Illustrationen</subfield>
  </datafield>
  <datafield tag="336" ind1=" " ind2=" ">
    <subfield code="b">sti</subfield>
  </datafield>
  <datafield tag="337" ind1=" " ind2=" ">
    <subfield code="b">n</subfield>
  </datafield>
  <datafield tag="338" ind1=" " ind2=" ">
    <subfield code="b">nz</subfield>
  </datafield>
  <datafield tag="035" ind1=" " ind2=" ">
    <subfield code="a">(DE-599)HBZHT030014241</subfield>
  </datafield>
  <datafield tag="830" ind1=" " ind2="0">
    <subfield code="w">(DE-605)HT030060992</subfield>
    <subfield code="9">O:1</subfield>
  </datafield>
  <datafield tag="700" ind1="1" ind2=" ">
    <subfield code="a">Busche-Brandt, Birgit</subfield>
    <subfield code="d">1974-</subfield>
    <subfield code="0">(DE-588)1024558991</subfield>
    <subfield code="4">ilu</subfield>
    <subfield code="0">https://d-nb.info/gnd/1024558991</subfield>
    <subfield code="0">http://viaf.org/viaf/254308795</subfield>
    <subfield code="B">GND-1024558991</subfield>
  </datafield>
  <datafield tag="655" ind1=" " ind2="7">
    <subfield code="a">Spiel</subfield>
    <subfield code="0">(DE-588)4056218-9</subfield>
    <subfield code="2">gnd-content</subfield>
  </datafield>
  <datafield tag="500" ind1=" " ind2=" ">
    <subfield code="a">Anleitung in Deutsch, Französisch, Italientisch, Englisch, Spanisch und Niederländisch</subfield>
  </datafield>
  <datafield tag="MBD" ind1=" " ind2=" ">
    <subfield code="M">49HBZ_NETWORK</subfield>
    <subfield code="i">99372467776406441</subfield>
    <subfield code="n">HBZ Network</subfield>
  </datafield>
  <datafield tag="MBD" ind1=" " ind2=" ">
    <subfield code="M">49HBZ_FSW</subfield>
    <subfield code="i">9916272510906461</subfield>
    <subfield code="n">Fachhochschule Südwestfalen</subfield>
  </datafield>
  <datafield tag="MNG" ind1=" " ind2=" ">
    <subfield code="c">System</subfield>
    <subfield code="f">49HBZ_NETWORK</subfield>
    <subfield code="i">marc21</subfield>
    <subfield code="l">63</subfield>
    <subfield code="k">01</subfield>
    <subfield code="e">false</subfield>
    <subfield code="d">2023-06-30 04:45:01 Europe/Berlin</subfield>
    <subfield code="g">99372467776406441</subfield>
    <subfield code="j">60</subfield>
    <subfield code="a">System</subfield>
    <subfield code="b">2023-05-15 11:50:23 Europe/Berlin</subfield>
  </datafield>
  <datafield tag="H52" ind1="4" ind2=" ">
    <subfield code="b">I5004</subfield>
    <subfield code="c">SO</subfield>
    <subfield code="h">BFY7979(5)</subfield>
    <subfield code="8">2293178320006461</subfield>
  </datafield>
  <datafield tag="HOL" ind1=" " ind2=" ">
    <subfield code="d">2023-06-29 10:04:55</subfield>
    <subfield code="8">2293178320006461</subfield>
    <subfield code="b">2023-06-06 07:21:59</subfield>
    <subfield code="M">49HBZ_FSW</subfield>
    <subfield code="g">false</subfield>
    <subfield code="a">Acquisition (PO line Bestellposten-2023-3750)</subfield>
    <subfield code="c">katfl1</subfield>
  </datafield>
  <datafield tag="ITM" ind1=" " ind2=" ">
    <subfield code="H">2293178320006461</subfield>
    <subfield code="x">SO_APP</subfield>
    <subfield code="f">GAME</subfield>
    <subfield code="v">SO</subfield>
    <subfield code="p">10</subfield>
    <subfield code="X">fbso</subfield>
    <subfield code="U">2023-06-06 11:34:58 Europe/Berlin</subfield>
    <subfield code="Y">2024-12-16 11:34:59 Europe/Berlin</subfield>
    <subfield code="n">SO-BFY7979(5)</subfield>
    <subfield code="z">SO-L-Henr13</subfield>
    <subfield code="M">49HBZ_FSW</subfield>
    <subfield code="s">1</subfield>
    <subfield code="d">4</subfield>
    <subfield code="V">Acquisition (PO line Bestellposten-2023-3750)</subfield>
    <subfield code="b">SO-2023-1713</subfield>
    <subfield code="a">2393178310006461</subfield>
    <subfield code="t">8</subfield>
    <subfield code="c">BFY7979(5)</subfield>
    <subfield code="S">Bestellposten-2023-3750</subfield>
    <subfield code="B">2023/1357</subfield>
    <subfield code="D">2023-06-06 09:34:58</subfield>
    <subfield code="W">2023-06-06 09:22:00 Europe/Berlin</subfield>
    <subfield code="u">I5004</subfield>
    <subfield code="T">2025-11-18 10:34:58</subfield>
    <subfield code="w">I5004</subfield>
  </datafield>
  <datafield tag="GPN" ind1="1" ind2=" ">
    <subfield code="a">Brandt, Birgit Busche-</subfield>
    <subfield code="d">1974-</subfield>
    <subfield code="A">GND</subfield>
    <subfield code="B">GND-1024558991</subfield>
    <subfield code="C">400</subfield>
  </datafield>
  <datafield tag="GSI" ind1="7" ind2=" ">
    <subfield code="a">http://d-nb.info/gnd/1024558991</subfield>
    <subfield code="2">uri</subfield>
    <subfield code="A">GND</subfield>
    <subfield code="B">GND-1024558991</subfield>
    <subfield code="C">024</subfield>
  </datafield>
</record>
